@InCollection{InCollection.AtomicSpectraAndXRays.2023,
  author    = {Ling, Samuel J. and Sanny, Jeff and Moebs, William},
  booktitle = {University Physics},
  date      = {2023-04-05},
  title     = {Atomic Spectra and X-rays},
  editor    = {OpenStax},
  subtitle  = {Optics and Modern Physics},
  url       = {https://phys.libretexts.org/@go/page/4538},
  volume    = {3},
}

@InCollection{InCollection.Universallibrary.1956,
  author    = {Bernard Dennis Cullity},
  booktitle = {Elements of X Ray Diffraction},
  date      = {1956},
  title     = {universallibrary},
  pages     = {531},
  publisher = {Addison-Wesley Publishing Company, Inc.},
}

@Book{Book.StrahlungsmessungUndDosimetrie.2021.Krieger,
  author    = {Hanno Krieger},
  title     = {Strahlungsmessung und Dosimetrie},
  doi       = {10.1007/978-3-658-33389-8},
  publisher = {Springer Fachmedien Wiesbaden},
  url       = {https://doi.org/10.1007/978-3-658-33389-8},
  year      = {2021},
}

@Book{Book.ZurOntologieDerElementarteilchen.2015.Brueckner,
  author    = {Thomas Christian Brückner},
  date      = {2015},
  title     = {Zur Ontologie der Elementarteilchen},
  doi       = {10.1007/978-3-658-09683-0},
  publisher = {Springer Fachmedien Wiesbaden},
}

@Book{Book.GerthsenPhysik.2015.Meschede,
  author    = {Dieter Meschede},
  date      = {2015},
  title     = {Gerthsen Physik},
  doi       = {10.1007/978-3-662-45977-5},
  publisher = {Springer Berlin Heidelberg},
}

@Manual{Manual.POWERGRIPGT3,
  date         = {2014},
  title        = {{POWERGRIP® GT®3}},
  organization = {{Gates Corporation}},
  subtitle     = {Drive Design Manual},
  type         = {techreport},
  url          = {https://www.gates.com/content/dam/gates/home/knowledge-center/resource-library/catalogs/powergripdrivedesignmanual_17195_2014.pdf},
  urldate      = {2023-09-21},
}

@Manual{Manual.LIGHTPOWERPRECISION,
  title        = {{LIGHT POWER \& PRECISION}},
  organization = {{Gates Corporation}},
  subtitle     = {Drive Design Manual},
  url          = {https://www.gates.com/content/dam/gates/home/knowledge-center/resource-library/catalogs/light-power-and-precision-manual.pdf},
  urldate      = {2023-09-21},
}

@Manual{Manual.IglidePRTPolymerSlewingRings.,
  title        = {{iglide®PRT - polymer slewing rings}},
  organization = {{igus}},
  url          = {https://igus.widen.net/content/bidwwpqvbr/original/iglide_PRT_USen.pdf},
  urldate      = {2023-09-21},
}

@Manual{Manual.MAGPRODataSheet.MOXTEK,
  title        = {{MAGPRO™ DataSheet}},
  note         = {Rev I},
  number       = {TUB00154-SA-W06},
  organization = {{MOXTEK}},
  url          = {https://moxtek.com/wp-content/uploads/pdfs/TUB-DATA-1013-MAGPRO.pdf},
  urldate      = {2023-09-18},
}

@Manual{Manual.MAGPRODataSheet.QD,
  title        = {{MAGPRO™ x-ray source}},
  note         = {Rev D},
  number       = {TUB00154-SA-W06},
  organization = {{Quantum Design Europe}},
  url          = {https://qd-europe.com/fileadmin/Mediapool/products/moxtek/_pdf/MAGPRO_x-ray_source.pdf},
  urldate      = {2023-09-18},
}

@Manual{Manual.Documentation.RPF,
  author    = {{The Raspberry Pi Foundation}},
  date      = {2023-09-16},
  title     = {documentation},
  note      = {develop branch},
  publisher = {GitHub},
  subtitle  = {{Raspberry Pi 4 Model B}},
  url       = {https://github.com/raspberrypi/documentation},
  urldate   = {2023-09-19},
}

@Manual{Manual.TMC2209Datasheet,
  date         = {2023},
  title        = {{TMC2209 Datasheet}},
  note         = {Rev. 1.09},
  organization = {{TRINAMIC Motion Control GmbH \& Co. KG}},
  url          = {https://www.trinamic.com/fileadmin/assets/Products/ICs_Documents/TMC2209_datasheet_rev1.09.pdf},
  urldate      = {2023-09-19},
}

@Comment{jabref-meta: databaseType:biblatex;}

@Comment{jabref-meta: fileDirectoryLatex-Hunter-HUNTERDESKTOP:C:\\Users\\Hunter\\Documents\\XRayThesis\\Documentation;}

@Comment{jabref-meta: keypattern_book:[entrytype].[camel].[YEAR].[auth.etal];}

@Comment{jabref-meta: keypattern_manual:[entrytype].[camel].[auth.etal];}

@Comment{jabref-meta: keypatterndefault:[entrytype].[camel].[YEAR];}
